<record><leader>00000cas a22000007a 4500</leader><controlfield tag="001">15000824</controlfield><controlfield tag="008">861222d19171936msudr ne      0    0eng d</controlfield><datafield ind1=" " ind2=" " tag="010"><subfield code="a">sn 87065005 </subfield></datafield><datafield ind1=" " ind2=" " tag="040"><subfield code="a">MJA</subfield><subfield code="b">eng</subfield><subfield code="c">MJA</subfield><subfield code="d">MSJ</subfield><subfield code="d">OCLCQ</subfield></datafield><datafield ind1=" " ind2=" " tag="042"><subfield code="a">msc</subfield></datafield><datafield ind1="0" ind2="0" tag="245"><subfield code="a">Clarksdale daily register.</subfield></datafield><datafield ind1=" " ind2=" " tag="260"><subfield code="a">Clarksdale, Miss. :</subfield><subfield code="b">Register Pub. Co.,</subfield><subfield code="c">1917-</subfield></datafield><datafield ind1=" " ind2=" " tag="310"><subfield code="a">Daily (except Sunday)</subfield></datafield><datafield ind1="0" ind2=" " tag="362"><subfield code="a">Vol. 9, no. 277 (Oct. 6, 1917)-</subfield></datafield><datafield ind1="1" ind2=" " tag="362"><subfield code="a">Ceased with July 30, 1936 issue.</subfield></datafield><datafield ind1=" " ind2=" " tag="580"><subfield code="a">Merged with: Clarksdale daily news, to form: Clarksdale daily register and daily news.</subfield></datafield><datafield ind1=" " ind2=" " tag="752"><subfield code="a">United States</subfield><subfield code="b">Mississippi</subfield><subfield code="c">Coahoma</subfield><subfield code="d">Clarksdale.</subfield></datafield><datafield ind1="0" ind2="0" tag="780"><subfield code="t">Daily register (Clarksdale, Miss.)</subfield><subfield code="w">(OCoLC)15000700</subfield></datafield><datafield ind1="0" ind2="7" tag="785"><subfield code="t">Clarksdale daily news</subfield></datafield><datafield ind1="0" ind2="7" tag="785"><subfield code="t">Clarksdale daily register and daily news</subfield><subfield code="w">(OCoLC)15000933</subfield></datafield></record>